%% This BibTeX bibliography file was created using BibDesk.
%% http://bibdesk.sourceforge.net/


%% Created for Ludmil T Zikatanov at 2012-06-07 19:22:31 +0200 


%% Saved with string encoding Unicode (UTF-8) 



@article{1999WangF_XuJ-aa,
	Author = {Wang, Feng and Xu, Jinchao},
	Date-Added = {2012-06-07 17:21:27 +0000},
	Date-Modified = {2012-06-07 17:21:28 +0000},
	Doi = {10.1137/S106482759631192X},
	Fjournal = {SIAM Journal on Scientific Computing},
	Issn = {1064-8275},
	Journal = {SIAM J. Sci. Comput.},
	Mrclass = {65N22 (65N30 76M10 76R99)},
	Mrnumber = {1718671 (2000h:65156)},
	Mrreviewer = {Dennis C. Jespersen},
	Number = {2},
	Pages = {620--645 (electronic)},
	Title = {A crosswind block iterative method for convection-dominated problems},
	Url = {http://dx.doi.org/10.1137/S106482759631192X},
	Volume = {21},
	Year = {1999},
	Bdsk-Url-1 = {http://dx.doi.org/10.1137/S106482759631192X}}

@article{1972TarjanRE-aa,
	Author = {Tarjan, Robert E.},
	Date-Added = {2012-06-07 17:19:31 +0000},
	Date-Modified = {2012-06-07 17:19:34 +0000},
	Fjournal = {SIAM Journal on Computing},
	Issn = {0097-5397},
	Journal = {SIAM J. Comput.},
	Mrclass = {05-04},
	Mrnumber = {0304178 (46 \#3313)},
	Mrreviewer = {John Mylopoulos},
	Number = {2},
	Pages = {146--160},
	Title = {Depth-first search and linear graph algorithms},
	Volume = {1},
	Year = {1972}}

@incollection{1976GustavsonF-aa,
	Address = {New York},
	Author = {Gustavson, Fred},
	Booktitle = {Sparse matrix computations ({P}roc. {S}ympos., {A}rgonne {N}at. {L}ab., {L}emont, {I}ll., 1975)},
	Date-Added = {2012-06-07 17:17:07 +0000},
	Date-Modified = {2012-06-07 17:17:10 +0000},
	Mrclass = {65F30},
	Mrnumber = {0483365 (58 \#3376)},
	Mrreviewer = {Ralph A. Willoughby},
	Pages = {275--289},
	Publisher = {Academic Press},
	Title = {Finding the block lower triangular form of a sparse matrix},
	Year = {1976}}

@book{1985GibbonsA-aa,
	Address = {Cambridge},
	Author = {Gibbons, Alan},
	Date-Added = {2012-06-07 17:14:06 +0000},
	Date-Modified = {2012-06-07 17:14:09 +0000},
	Isbn = {0-521-24659-8; 0-521-28881-9},
	Mrclass = {68R10 (68Q20 90Bxx)},
	Mrnumber = {806954 (87d:68090)},
	Mrreviewer = {H. T. Lau},
	Pages = {xii+259},
	Publisher = {Cambridge University Press},
	Title = {Algorithmic graph theory},
	Year = {1985}}

@book{1989DuffI_ErismanA_ReidJ-aa,
	Address = {New York},
	Author = {Duff, I. S. and Erisman, A. M. and Reid, J. K.},
	Date-Added = {2012-06-07 17:12:21 +0000},
	Date-Modified = {2012-06-07 17:12:23 +0000},
	Edition = {Second},
	Isbn = {0-19-853421-3},
	Mrclass = {65F05 (65-01 65F50)},
	Mrnumber = {1029273 (90m:65061)},
	Note = {Oxford Science Publications},
	Pages = {xiv+341},
	Publisher = {The Clarendon Press Oxford University Press},
	Series = {Monographs on Numerical Analysis},
	Title = {Direct methods for sparse matrices},
	Year = {1989}}

@book{Pissanetzky,
	Address = {London},
	Author = {Pissanetzky, Sergio},
	Date-Added = {2012-06-07 17:10:07 +0000},
	Date-Modified = {2012-06-07 17:10:26 +0000},
	Isbn = {0-12-557580-7},
	Mrclass = {65-02 (15-04 65F50)},
	Mrnumber = {751237 (86j:65003)},
	Mrreviewer = {Iain S. Duff},
	Pages = {xiv+321},
	Publisher = {Academic Press Inc. [Harcourt Brace Jovanovich Publishers]},
	Title = {Sparse matrix technology},
	Year = {1984}}

@book{Saad,
	Address = {Philadelphia, PA},
	Author = {Saad, Yousef},
	Date-Added = {2012-06-07 17:08:45 +0000},
	Date-Modified = {2012-06-07 17:09:03 +0000},
	Doi = {10.1137/1.9780898718003},
	Edition = {Second},
	Isbn = {0-89871-534-2},
	Mrclass = {65-01 (65F10 65F50)},
	Mrnumber = {1990645 (2004h:65002)},
	Mrreviewer = {Arnold Reusken},
	Pages = {xviii+528},
	Publisher = {Society for Industrial and Applied Mathematics},
	Title = {Iterative methods for sparse linear systems},
	Url = {http://dx.doi.org/10.1137/1.9780898718003},
	Year = {2003},
	Bdsk-Url-1 = {http://dx.doi.org/10.1137/1.9780898718003}}
